@book{bookactivepassive,
 author = {Bowman, Doug A. and Kruijff, Ernst and LaViola, Joseph J. and Poupyrev, Ivan},
 title = {Chapter 6.3.1 Technique classifications, 3D User Interfaces: Theory and Practice},
 year = {2004},
},

@book{booktorso,
 author = {Bowman, Doug A. and Kruijff, Ernst and LaViola, Joseph J. and Poupyrev, Ivan},
 title = {Chapter 6.3.3 Steering Techniques, 3D User Interfaces: Theory and Practice},
 year = {2004},
},

@book{bookpositionforcecontrol,
 author = {Bowman, Doug A. and Kruijff, Ernst and LaViola, Joseph J. and Poupyrev, Ivan},
 title = {Chapter 5.3.2 Force versus Position Control, 3D User Interfaces: Theory and Practice},
 year = {2004},
 isbn = {0201758679},
 publisher = {Addison Wesley Longman Publishing Co., Inc.},
 address = {Redwood City, CA, USA},
},

@book{booktargetbased,
 author = {Bowman, Doug A. and Kruijff, Ernst and LaViola, Joseph J. and Poupyrev, Ivan},
 title = {Chapter 6.3.5 Target-Based Techniques, 3D User Interfaces: Theory and Practice},
 year = {2004},
},

@book{bookimageplane,
 author = {Bowman, Doug A. and Kruijff, Ernst and LaViola, Joseph J. and Poupyrev, Ivan},
 title = {Chapter 5.4.2 Interacting by Pointing, 3D User Interfaces: Theory and Practice},
 year = {2004},
},